@string{cacm		= "Communications of the ACM"}
@string{cmu		= "Carnegie Mellon University"}
@string{cmucs		= "School of Computer Science, Carnegie Mellon University"}
@string{ibp		= "Institut Blaise Pascal"}
@string{masi		= "Laboratoire MASI, Institut Blaise Pascal"}
@string{osf		= "Open Software Foundation"}
@string{osfandcmu	= "Open Software Foundation and Carnegie Mellon University"}
