
@inproceedings{Becker93,
   AUTHOR    = {T. Becker and K. Grieger},
   TITLE     = {An {E}fficient {A}tomic {M}ulticast {P}rotocol for {C}lient-{S}erver Models},
   BOOKTITLE = {Proceedings of the 7th International Parallel Processing Symposium},
   YEAR      = {1993},
   MONTH     = {April},
   ORGANIZATION = {Computer Science Department, University of Kaiserslautern}
}


@inproceedings{Becker94,
   AUTHOR    = {T. Becker},
   TITLE     = {Application-{T}ransparent {F}ault {T}olerance in {D}istributed {S}ystems},
   BOOKTITLE = {Proceedings of the 2nd International Workshop on Configurable Distributed Systems},
   YEAR      = {1994},
   MONTH     = {March},
   ORGANIZATION = {Computer Science Department, University of Kaiserslautern},
   PAGES     = {36-45}
}


@article{Birman87,
   AUTHOR    = {K. Birman and T. Joseph},
   TITLE     = {Reliable {C}ommunication in the {P}resence of {F}ailures},
   JOURNAL   = {ACM Transaction on Computer Systems},
   YEAR      = {1987},
   MONTH     = {February},
   NUMBER    = {1},
   PAGES     = {47-76},
   VOLUME    = {5}
}


@inproceedings{Chandra91,
   AUTHOR    = {T. Chandra and S. Toueg},
   TITLE     = {Unreliable failure detectors for asynchronous systems},
   BOOKTITLE = {Proceeding of thr 10th ACM Symposium on Principles of Distributed Computing},
   YEAR      = {1991},
   MONTH     = {August},
   PAGES     = {325-340}
}


@techreport{Hadzi94,
   AUTHOR    = {V. Hadzilacos and S. Toueg},
   TITLE     = {A Modular Approach to Fault-Tolerant Broadcasts and Related Problems},
   YEAR      = {1994},
   INSTITUTION = {Cornell University},
   NUMBER    = {TR94-1425}
}


@inproceedings{Schiper93,
   AUTHOR    = {A. Schiper and A. Sandoz},
   TITLE     = {Uniform {R}eliable {M}ulticast in a {V}irtually {S}ynchronous {E}nvironment},
   BOOKTITLE = {Proceedings of the 13th International Conference on Distributed Computing Systems},
   YEAR      = {1993},
   MONTH     = {May},
   PAGES     = {561-568}
}

