
@techreport{mach:basis,
   AUTHOR    = {A. Tevanian and R. Rashid},
   TITLE     = {{M}ach: {A} {B}asis for {F}uture {UNIX}
       {D}evelopment},
   YEAR      = 1987,
   INSTITUTION = cmucs,
   NUMBER    = {CMU-CS-87-139}
}


@inproceedings{mach:cmultithreads,
   AUTHOR    = {M. Jones},
   TITLE     = {{B}ringing the {C} {L}ibraries {W}ith {U}s into a
       {M}ulti-{T}hread {F}uture},
   BOOKTITLE = {Proceedings of the USENIX Winter Conference},
   YEAR      = 1991
}


@techreport{mach:cthreads,
   AUTHOR    = {E. Cooper and R. Draves},
   TITLE     = {{C} {T}hreads},
   YEAR      = 1988,
   INSTITUTION = cmucs,
   NUMBER    = {CMU-CS-88-154}
}


@inproceedings{mach:dos,
   AUTHOR    = {G. Malan and R. Rashid and D. Golub and R. Baron},
   TITLE     = {{DOS} as a {M}ach 3.0 {A}pplication},
   BOOKTITLE = {Proceedings of the USENIX Mach Symposium},
   YEAR      = 1991,
   MONTH     = {November},
   PAGES     = {27--40}
}


@inproceedings{mach:emulation,
   AUTHOR    = {D. Julin and J. Chew and J. Stevenson and
       P. Guedes and P. Neves and P. Roy},
   TITLE     = {{G}eneralized {E}mulation {S}ervices for {M}ach
       3.0 -- {O}verview, {E}xperiences and {C}urrent
       {S}tatus},
   BOOKTITLE = {Proceedings of the USENIX Mach Symposium},
   YEAR      = 1991,
   MONTH     = {November},
   PAGES     = {13--26}
}


@inproceedings{mach:evolution,
   AUTHOR    = {R. Rashid},
   TITLE     = {{F}rom {RIG} to {A}ccent to {M}ach: {T}he
       {E}volution of a {N}etwork {O}perating {S}ystem},
   BOOKTITLE = {Proceedings of the Fall Joint Computer Conference},
   YEAR      = 1986,
   ORGANIZATION = {ACM/IEEE Computer Society}
}


@techreport{mach:exceptions,
   AUTHOR    = {D. Black and D. Golub and R. Rashid and
       A. Tevanian and M. Young},
   TITLE     = {{T}he {M}ach {E}xception {H}andling {F}acility},
   YEAR      = 1988,
   INSTITUTION = cmucs,
   NUMBER    = {CMU-CS-88-129}
}


@inproceedings{mach:foundation,
   AUTHOR    = {M. Accetta and R. Baron and W. Bolosky and
       D. Golub and R. Rashid and A. Tevanian and
       M. Young},
   TITLE     = {{M}ach: {A} {N}ew {K}ernel {F}oundation {F}or
       {UNIX} {D}evelopment},
   BOOKTITLE = {Proceedings of the USENIX 1986 Summer Conference},
   YEAR      = 1986,
   MONTH     = {June}
}


@inproceedings{mach:io,
   AUTHOR    = {A. Forin and D. Golub and B. Bershad},
   TITLE     = {{A}n {I}/{O} {S}ystem for {M}ach},
   BOOKTITLE = {Proceedings of the USENIX Mach Conference},
   YEAR      = 1991
}


@inproceedings{mach:ipc,
   AUTHOR    = {R. Draves},
   TITLE     = {{A} {R}evised {IPC} {I}nterface},
   BOOKTITLE = {Proceedings of the USENIX Mach Conference},
   YEAR      = 1990
}


@techreport{mach:matchmaker,
   AUTHOR    = {M. Jones and R. Rashid},
   TITLE     = {{M}ach and {M}atchmaker: {K}ernel and {L}anguage
       {S}upport for {O}bject-{O}riented {D}istributed
       {S}ystems},
   YEAR      = 1986,
   INSTITUTION = cmucs,
   NUMBER    = {CMU-CS-86-123}
}


@unpublished{mach:mig,
   AUTHOR    = {R. Drave and M. Jones and M. Thompson},
   TITLE     = {{MIG} -- {T}he {M}ach {I}nterface {G}enerator},
   YEAR      = 1989
}


@inproceedings{mach:milo93sedms,
   AUTHOR    = {Dejan S. Milojici\'c and Peter Giese and Wolfgang Zint},
   TITLE     = {Experiences with {L}oad Distribution on top of the {M}ach
       {M}icrokernel},
   BOOKTITLE = {Proceedings of the 4th USENIX SEDMS Symposium},
   YEAR      = {1993},
   ADDRESS   = {San Diego},
   MONTH     = {September}
}


@phdthesis{mach:multiproc,
   AUTHOR    = {D. Black},
   TITLE     = {{S}cheduling and {R}esources {M}anagement
       {T}echniques for {M}ultiprocessors},
   YEAR      = 1990,
   SCHOOL    = cmucs
}


@inproceedings{mach:multiserv1,
   AUTHOR    = {P. Guedes and D. Julin},
   TITLE     = {{O}bject-{O}riented {I}nterfaces in the {M}ach 3.0
       {M}ulti-{S}erver {S}ystem},
   BOOKTITLE = {Proceedings of the IEEE Second International
       Workshop on Object Orientation in Operating
       Systems},
   YEAR      = 1991,
   MONTH     = {October}
}


@techreport{mach:multiserv2,
   AUTHOR    = {P. Guedes and D. Julin},
   TITLE     = {{W}riting the {M}ach3 {M}ulti--{S}erver {S}ystem
       in {C}++},
   YEAR      = 1991,
   INSTITUTION = {Design Review of the Research Institute, Open
       Software Fundation},
   MONTH     = {February}
}


@inproceedings{mach:pages,
   AUTHOR    = {R. Draves},
   TITLE     = {{P}age {R}eplacement and {R}eference {B}it
       {E}mulation in {M}ach},
   BOOKTITLE = {Proceedings of the USENIX Mach Conference},
   YEAR      = 1991
}


@article{mach:sched,
   AUTHOR    = {D. Black},
   TITLE     = {{S}cheduling {S}upport for {C}oncurrency and
       {P}arallelism in the {M}ach {O}perating {S}ystem},
   JOURNAL   = {IEEE Computer},
   YEAR      = 1990,
   MONTH     = {May},
   NUMBER    = 5,
   PAGES     = {35--43},
   VOLUME    = 23
}


@phdthesis{mach:tevanian,
   AUTHOR    = {A. Tevanian},
   TITLE     = {{A}rchitecture-{I}ndependent {V}irtual {M}emory
       {M}anagement for {P}arallel and {D}istributed
       {E}nvironments},
   YEAR      = 1987,
   SCHOOL    = cmucs
}


@inproceedings{mach:unix,
   AUTHOR    = {D. Golub and R. Dean and A. Forin and R. Rashid},
   TITLE     = {{U}nix as an {A}pplication {P}rogram},
   BOOKTITLE = {Proceedings of the USENIX Summer Conference},
   YEAR      = 1990
}


@inproceedings{mach:vm,
   AUTHOR    = {R. Rashid and A. Tevanian and M. Young and D. Golub
       and R. Baron and D. Black and W. Bolosky and
       J. Chew},
   TITLE     = {{M}achine-{I}ndependent {V}irtual {M}emory
       {M}anagement for {P}aged {U}niprocessor and
       {M}ultiprocessor {A}rchitecture},
   BOOKTITLE = {Proceedings of the Conference on Architectural
       Support for Programming Languages and Operating
       Systems},
   YEAR      = 1987,
   MONTH     = {October},
   PAGES     = {31--39}
}


@book{osf:kernint,
   TITLE     = {Mach 3 Kernel Interface},
   YEAR      = 1992,
   PUBLISHER = osfandcmu,
   EDITOR    = {K. Loepere}
}


@book{osf:kernprinc,
   TITLE     = {Mach 3 Kernel Principles},
   YEAR      = 1992,
   PUBLISHER = osfandcmu,
   EDITOR    = {K. Loepere}
}


@book{osf:servguide,
   TITLE     = {Server Writer's Guide},
   YEAR      = 1992,
   PUBLISHER = osfandcmu,
   EDITOR    = {K. Loepere}
}


@book{osf:servint,
   TITLE     = {Server Writer's Interface},
   YEAR      = 1992,
   PUBLISHER = osfandcmu,
   EDITOR    = {K. Loepere}
}

