
@phdthesis{Bershad90,
   AUTHOR    = {B. Bershad},
   TITLE     = {High {P}erformance {C}ross-{A}ddress {S}pace {C}ommunication},
   YEAR      = {1990},
   SCHOOL    = {University of Washington},
   MONTH     = {June}
}


@article{Bershad91,
   AUTHOR    = {B. Bershad and T. Anderson and E. lazowska and H. Levy},
   TITLE     = {User-{L}evel {R}emote {P}rocedure {C}all},
   JOURNAL   = {ACM Transactions on Computer Systems},
   YEAR      = {1991},
   MONTH     = {May},
   NOTE      = {dispo bib},
   PAGES     = {175-198},
   booktitle = {ACM Transactions on Computer Systems}
}


@inproceedings{Clark90,
   AUTHOR    = {D. Clark and D. Tennenhouse},
   TITLE     = {Architectural {C}onsiderations for a {N}ew {G}eneration of {P}rotocols},
   BOOKTITLE = {Proceedings of the SIGCOMM '90 Symposium},
   YEAR      = {1990},
   MONTH     = {September},
   NOTE      = {dispo bib},
   PAGES     = {200-208}
}


@inproceedings{McCanne93,
   AUTHOR    = {S. McCanne and V. Jacobson},
   TITLE     = {The {BSD} {P}acket {F}ilter : {A} {N}ew {A}rchitecture for {U}ser-level {P}acket {C}apture},
   BOOKTITLE = {Proceedings of the Winter 1993 Usenix Conference},
   YEAR      = {1993},
   MONTH     = {January},
   ORGANIZATION = {Usenix Association},
   PAGES     = {259-269}
}


@inproceedings{Mogul87,
   AUTHOR    = {J. Mogul and R. Rashid and M. Accetta},
   TITLE     = {The {P}acket {F}ilter : {A}n {E}fficient {M}echanism for {U}ser-level {N}etwork {C}ode},
   BOOKTITLE = {Proceedings of the 11th ACM Symposium on Operating Systems Principles},
   YEAR      = {1987},
   KEY       = {Mogul87},
   PAGES     = {39-51}
}


@inproceedings{Rashid81,
   AUTHOR    = {R. Rashid and G. Robertson},
   TITLE     = {Accent : {A} {C}ommunication {O}riented {N}etwork {O}perating {S}ystem {K}ernel},
   BOOKTITLE = {Proceedings of the 8th ACM Symposium on Operating Systems},
   YEAR      = {1981},
   MONTH     = {December},
   PAGES     = {64-75}
}


@article{Schroeder90,
   AUTHOR    = {M. Schroeder and M. Burrows},
   TITLE     = {Performance of {F}irefly {RPC}},
   JOURNAL   = {ACM Transactions on Computer Systems},
   YEAR      = {1990},
   MONTH     = {February},
   NOTE      = {dispo bib},
   NUMBER    = {1},
   PAGES     = {1-17},
   VOLUME    = {8}
}


@inproceedings{Thekkath93,
   AUTHOR    = {C. Thekkath and T. Nguyen and E. Moy and E. Lazowska},
   TITLE     = {Implementing {N}etwork {P}rotocols at {U}ser {L}evel},
   BOOKTITLE = {Proceedings of the SIGCOMM '93 Symposium},
   YEAR      = {1993},
   MONTH     = {September}
}


@inproceedings{Tschudin91,
   AUTHOR    = {C. Tschudin},
   TITLE     = {Flexible {P}rotocol {S}tacks},
   BOOKTITLE = {Proceedings of the SIGCOMM '91 Symposium},
   YEAR      = {1991},
   MONTH     = {September},
   PAGES     = {197-204}
}


@inproceedings{Wilkes92,
   TITLE     = {The {C}ase for a {N}ew {A}pproach to {O}perating {S}ystems for {P}ersonal {W}orkstations},
   BOOKTITLE = {Proceedings for the Third Workshop on Workstation Operating Systems},
   YEAR      = {1992},
   MONTH     = {April},
   PAGES     = {164-167}
}


@inproceedings{machus93,
   TITLE     = {An {I}mplementation of {U}nix on a {O}bject {O}riented {O}perating {S}ystem},
   BOOKTITLE = {Proceedings of the Winter Usenix Conference},
   YEAR      = {1993},
   MONTH     = {January}
}


@inproceedings{os293,
   AUTHOR    = {J. Phelan and J. Arendt and G. Orsby},
   TITLE     = {An {O}{S}/2 {P}ersonality on {M}ach},
   BOOKTITLE = {Proceedings of the 2nd Usenix Mach Symposium},
   YEAR      = {1993},
   MONTH     = {April},
   PAGES     = {191-201}
}


@inproceedings{xwin90,
   TITLE     = {A {T}rusted {X}-{W}indow {S}erver for {T}rusted {M}ach},
   BOOKTITLE = {Proceedings of the Usenix Mach Conference},
   YEAR      = {1990},
   MONTH     = {October}
}

