
@inproceedings{Barrera91,
   AUTHOR    = {J. Barrera},
   TITLE     = {A {F}ast {M}ach {N}etwork {I}{P}{C} {I}mplementation},
   BOOKTITLE = {Proceedings of the Usenix Mach Symposium},
   YEAR      = {1991},
   MONTH     = {November},
   ORGANIZATION = {Usenix Association}
}


@article{Bershad90a,
   AUTHOR    = {B. Bershad and T. Anderson and E. lazowska and H. Levy},
   TITLE     = {Lightweight {R}emote {P}rocedure {C}all},
   JOURNAL   = {ACM Transactions on Computer Systems},
   YEAR      = {1990},
   MONTH     = {February},
   NUMBER    = {1},
   PAGES     = {37-55},
   VOLUME    = {8}
}


@inproceedings{Bershad92,
   AUTHOR    = {B. Bershad},
   TITLE     = {The {I}ncreasing {I}rrelevance of {IPC} {P}erformance for {M}icrokernel-{B}ased {O}perating {S}ystems},
   BOOKTITLE = {Proceedings of the 1992 Usenix Workshop on Microkernels},
   YEAR      = {1992}
}


@article{Cheriton86,
   AUTHOR    = {D. Cheriton},
   TITLE     = {{VMTP} : {A} {T}ransport {P}rotocol for the {N}ext {G}eneration of {C}ommunication {S}ystems},
   JOURNAL   = {Computer Communications Review},
   YEAR      = {1986},
   NUMBER    = {3},
   PAGES     = {406-414},
   VOLUME    = {16}
}


@techreport{Condict93,
   AUTHOR    = {M. Condict and D. Mitchell and F. Reynolds},
   TITLE     = {Optimizing {P}erformance of {M}ach-based {S}ystems by {S}erver {C}o-{L}ocation: {A} {D}etailed {D}esign},
   YEAR      = {1993},
   INSTITUTION = {Open Software Foundation},
   MONTH     = {August}
}


@techreport{Condict94,
   AUTHOR    = {M. Condict and D. Bolinger and D. Mitchell and E. McManus},
   TITLE     = {Microkernel {M}odularity with {I}ntegrated {K}ernel {P}erformance},
   YEAR      = {1994},
   INSTITUTION = {Open Software Foundation},
   MONTH     = {June}
}


@inproceedings{Draves90,
   AUTHOR    = {R. Draves},
   TITLE     = {A {R}evised {IPC} {I}nterface},
   BOOKTITLE = {Proceedings of the Usenix Mach Workshop},
   YEAR      = {1990},
   MONTH     = {October},
   ORGANIZATION = {Usenix Association},
   PAGES     = {101-121}
}


@inproceedings{Forin91,
   AUTHOR    = {A. Forin and D. Golub and B. Bershad},
   TITLE     = {An {I}/{O} {S}ystem for {M}ach 3.0},
   BOOKTITLE = {Proceedings of the 1st Usenix Mach Symposium},
   YEAR      = {1991},
   MONTH     = {November},
   ORGANIZATION = {Usenix Association},
   PAGES     = {163-176}
}


@inproceedings{Hsieh93,
   AUTHOR    = {W. Hsieh and F. Kaashoek and W. Weihl},
   TITLE     = {The {P}ersistent {R}elevance of {IPC} {P}erformance : {N}ew {T}echniques for {R}educing the {IPC} {P}enalty},
   BOOKTITLE = {Proceedings of the 4th Workshop on Workstation Operating Systems},
   YEAR      = {1993},
   MONTH     = {October},
   PAGES     = {186-190}
}


@article{Hutchinson91,
   AUTHOR    = {N. Hutchinson and L. Peterson},
   TITLE     = {The x-kernel : an {A}rchitecture for {I}mplementing {N}etwork {P}rotocols},
   JOURNAL   = {IEEE Transactions on Software Engineering},
   YEAR      = {1991},
   MONTH     = {January},
   NUMBER    = {1},
   VOLUME    = {17}
}


@techreport{Kaashoek92,
   AUTHOR    = {F. Kaashoek and A. Tanenbaum},
   TITLE     = {Efficient {R}eliable {G}roup {C}ommunication {F}or {D}istributed {S}ystems},
   YEAR      = {1992},
   INSTITUTION = {Vrije Universiteit, Amsterdam},
   MONTH     = {July},
   NUMBER    = {IR-295}
}


@article{Kaashoek93a,
   AUTHOR    = {F. Kaashoek and R. van Renesse and H. van Staveren and A. Tanenbaum},
   TITLE     = {{FLIP}~: an {I}nternetwork {P}rotocol for {S}upporting {D}istributed  {S}ystems},
   JOURNAL   = {ACM Transactions on Computer Systems},
   YEAR      = {1993},
   MONTH     = {February},
   PAGES     = {73-106}
}


@inproceedings{Kaashoek93b,
   AUTHOR    = {F. Kaashoek and A. Tanenbaum and K. Verstoep},
   TITLE     = {Using {G}roup {C}ommunication to {I}mplement a {F}ault-{T}olerant {D}irectory {S}ervice},
   BOOKTITLE = {Proceedings of the 13th International Conference on Distributed Computing Systems},
   YEAR      = {1993},
   PAGES     = {130-139}
}


@inproceedings{Maeda92,
   AUTHOR    = {C. Maeda and B. Bershad},
   TITLE     = {Networking {P}erformance for {M}icrokernels},
   BOOKTITLE = {Proceedings of the Third Workshop on Workstation Operating Systems},
   YEAR      = {1992},
   MONTH     = {April}
}


@inproceedings{Maeda93,
   AUTHOR    = {C. Maeda and B. Bershad},
   TITLE     = {Protocol {S}ervice {D}ecomposition for {H}igh {P}erformance {N}etworking},
   BOOKTITLE = {Proceedings of the Fourteenth ACM Symposium on Operating Systems Principles},
   YEAR      = {1993},
   MONTH     = {December},
   PAGES     = {244-255}
}


@inproceedings{Oey95,
   AUTHOR    = {M. Oey and K. Langendoen and H. Bal},
   TITLE     = {Comparing {K}ernel-{S}pace and {U}ser-{S}pace {C}ommunication {P}rotocols on {A}moeba},
   BOOKTITLE = {Proceedings of the 15th International Conference on Distributed Computing Systems},
   YEAR      = {1995},
   MONTH     = {May}
}


@inproceedings{Orman93,
   AUTHOR    = {H. Orman and E. Menze and S. O'Malley and L. Peterson},
   TITLE     = {A {F}ast and {G}eneral {I}implementation on {M}ach {I}{P}{C} in a {N}etwork},
   BOOKTITLE = {Proceedings of the 3rd Usenix Mach Conference},
   YEAR      = {1993},
   MONTH     = {April},
   ORGANIZATION = {Usenix Association},
   PAGES     = {75-88}
}


@inproceedings{Reynolds91,
   AUTHOR    = {F. Reynolds and J. Heller},
   TITLE     = {Kernel {S}upport {F}or {N}etwork {P}rotocol {S}ervers},
   BOOKTITLE = {Proceedings of the Usenix Mach Symposium},
   YEAR      = {1991},
   MONTH     = {November},
   ORGANIZATION = {Usenix Association}
}


@techreport{Reynolds93,
   AUTHOR    = {F. Reynolds and F. Travostino and R. MacDonald and D. Ellistion and K. Loepere},
   TITLE     = {Design for a {N}ew {U}ntyped {I}PC for {M}ach},
   YEAR      = {1993},
   INSTITUTION = {Open Software Foundation},
   MONTH     = {September}
}


@techreport{Sakaruba94,
   AUTHOR    = {T. Sakaruba and F. Travostino},
   TITLE     = {Using a {N}etworked {M}ach {I}{P}{C} implemented in user-space with x-kernel},
   YEAR      = {1994},
   INSTITUTION = {Open Software Foundation},
   MONTH     = {April}
}


@techreport{Travostino93,
   AUTHOR    = {F. Travostino and F. Reynolds},
   TITLE     = {x-kernel {E}valuation at the {O}SF {R}I},
   YEAR      = {1993},
   INSTITUTION = {Open Software Foundation},
   MONTH     = {September}
}


@inproceedings{Young87,
   AUTHOR    = {M. Young and A. Tevanian and R. Rashid and D. Golub and J. Eppi
       nger and J. Chew and W. Bolosky and D. Black and R. Baron},
   TITLE     = {The {D}uality of {M}emory and {C}ommunication in the {I}mplemen
       ation of a {M}ultiprocessor {O}perating {S}ystem},
   BOOKTITLE = {Proceedings of the 11th ACM Symposium on Operating Systems Prin
       ciples},
   YEAR      = {1987},
   MONTH     = {November},
   PAGES     = {63-76}
}


@inproceedings{Yuhara94,
   AUTHOR    = {M. Yuhara and B. Bershad ans C. Maeda and J. Eliot and B. Moss},
   TITLE     = {Efficient {P}acket {D}emultiplexing fot {M}ultiple {E}ndpoints and {L}arge {M}essages},
   BOOKTITLE = {Proceedings of the Winter Usenix Conference},
   YEAR      = {1994},
   MONTH     = {January},
   ORGANIZATION = {Usenix Association}
}


@techreport{netmsg89,
   AUTHOR    = {Mach Networking Group},
   TITLE     = {Network {S}erver {D}esign},
   YEAR      = {1989},
   INSTITUTION = {Open Software Foundation},
   MONTH     = {August}
}


@techreport{norma93,
   AUTHOR    = {B. Bryant and A. Langerman and S. Sears and D. Black},
   TITLE     = {{N}ORMA {I}PC: {A} {T}ask-to-{T}ask {C}ommunication {S}ystem for {M}ulticomputer {S}ystems},
   YEAR      = {1993},
   INSTITUTION = {Open Software Foundation},
   MONTH     = {October}
}


@techreport{norma94,
   AUTHOR    = {Open Software Foundation},
   TITLE     = {NORMA {I}PC {V}ersion {T}wo: {A}rchitecture and {D}esign},
   YEAR      = {1994},
   INSTITUTION = {Open Software Foundation},
   MONTH     = {October}
}


@techreport{protocol94,
   AUTHOR    = {C. Mercer and J. Zelenka and R. Rajkumar},
   TITLE     = {On {P}redictable {O}perating {S}ystem {P}rotocol {P}rocessing},
   YEAR      = {1994},
   INSTITUTION = {Carnegie Mellon University},
   MONTH     = {May},
   NUMBER    = {CMU-CS-94-165}
}

