
@article{distributed:AmoebaOverview,
   AUTHOR    = {A.S. Tanenbaum and R. van Renesse and H. van Staveren and
       G. J. Sharp and S.J. Mullender and J. Jansen and G. van Rossum},
   TITLE     = {Experiences with the {A}moeba {D}istributed {O}perating {S}ystem},
   JOURNAL   = {Communication of the ACM},
   YEAR      = {1990},
   MONTH     = {December},
   PAGES     = {46-63},
   VOLUME    = {33}
}


@article{distributed:SpriteMigration,
   AUTHOR    = {F. Douglis and J. Ousterhout},
   TITLE     = {Transparent {P}rocess {M}igration : {D}esign {A}lternatives and 
       the {S}prite {I}mplementation},
   JOURNAL   = {Software-Practice and Experience},
   YEAR      = {1991},
   MONTH     = {August},
   PAGES     = {757-785},
   VOLUME    = {21}
}


@article{distributed:ancetreMigration,
   AUTHOR    = {S. H. Bokhari},
   TITLE     = {Dual {P}rocessor {S}cheduling with {D}ynamic {R}eassignement},
   JOURNAL   = {IEEE Transactions on Software Engineering},
   YEAR      = {1979},
   MONTH     = {July},
   NUMBER    = {5},
   PAGES     = {326-334},
   VOLUME    = {SE}
}


@inproceedings{distributed:gatostar,
   AUTHOR    = {Bertil Folliot and Pierre Sens},
   TITLE     = {Gato{S}tar : {A} {F}ault-{T}olerant {L}oad {S}haring {F}acility
       for {P}arallel {A}pplications},
   BOOKTITLE = {Proceedings of the First European Dependable Computing
       Conference},
   YEAR      = {1994},
   ADDRESS   = {Berlin},
   MONTH     = {October},
   PAGES     = {581-598}
}


@inproceedings{distributed:overviewchorus,
   AUTHOR    = {M. Rozier},
   TITLE     = {Overview of the {C}horus {D}istributed {S}ystem},
   BOOKTITLE = {Proceedings of the USENIX Workshop on Micro-Kernels and
       Other Kernel Architectures},
   YEAR      = {1992},
   MONTH     = {April},
   PAGES     = {39-70}
}

