
@inproceedings{Becker94,
   author    = {T. Becker},
   title     = {Application-{T}ransparent {F}ault {T}olerance in {D}istributed {S}ystems},
   booktitle = {Proceedings of the 2nd International Workshop on Configurable Distributed Systems},
   organization = {Computer Science Department, University of Kaiserslautern},
   year      = {1994},
   month     = {March},
   pages     = {36-45}
}


@inproceedings{Chandra91,
   author    = {T. Chandra and S. Toueg},
   title     = {Unreliable {F}ailure {D}etectors for {R}eliable {D}istributed {S}ystems},
   booktitle = {Proceedings of the 10th ACM Symposium on Principles of Distributed Computing},
   year      = {1991},
   month     = {August},
   pages     = {325-340}
}


@inproceedings{Chandra92,
   author    = {T. Chandra and V. Hadzilacos and S. Toueg},
   title     = {The {W}eakest {F}ailure {D}etector for {S}olving {C}onsensus},
   booktitle = {Proceedings of the 11th ACM Symposium on Principles of Distributed Computing},
   year      = {1992},
   month     = {August},
   pages     = {147-158}
}

