
@inproceedings{Becker93,
   author    = {T. Becker and K. Grieger},
   title     = {An {E}fficient {A}tomic {M}ulticast {P}rotocol for {C}lient-{S}erver Models},
   booktitle = {Proceedings of the 7th International Parallel Processing Symposium},
   organization = {Computer Science Department, University of Kaiserslautern},
   year      = {1993},
   month     = {April}
}


@article{Birman87,
   author    = {K. Birman and T. Joseph},
   title     = {Reliable {C}ommunication in the {P}resence of {F}ailures},
   journal   = {ACM Transaction on Computer Systems},
   year      = {1987},
   month     = {February},
   volume    = {5},
   number    = {1},
   pages     = {47-76}
}


@inproceedings{Cheriton93,
   author    = {D. Cheriton and D. Skeen},
   title     = {Understanding the {L}imitations of {C}ausally and {T}otally {O}rdered {C}ommuinication},
   booktitle = {Proceedings of the 14th Symposium on Operating Systems Principles},
   year      = {1993},
   month     = {December}
}


@techreport{Friedman95a,
   author    = {R. Friedman and R. van Renesse},
   title     = {Strong and {W}eak {V}irtual {S}ynchrony in {H}orus},
   institution = {Department of Computer Science, Cornell University},
   year      = {1995},
   month     = {March}
}


@techreport{Friedman95b,
   author    = {R. Friedman and R. van Renesse},
   title     = {Packing {M}essages as a {T}ool for {B}oosting the {P}erformance of {T}otal {O}rdering {P}rotocol},
   institution = {Department of Computer Science, Cornell University},
   year      = {1995},
   month     = {July},
   address   = {TR95-1527}
}


@inproceedings{Guerraoui95,
   author    = {R. Guerraoui and A. Schiper},
   title     = {A {G}eneric {M}ulticast {P}rimitive to {S}upport {T}ransactions on {R}eplicated {O}bjects in {D}istributed {S}ystems},
   booktitle = {Proceedings of the 5th IEEE Workshop on Future Trends in Distributed Computing Systems},
   organization = {D\'epartement d'Informatique, Ecole Polytechnique F\'ed\'erale de Lausanne},
   year      = {1995},
   month     = {August}
}


@inproceedings{Guerraoui95b,
   author    = {R. Guerraoui and A. Schiper},
   title     = {{T}ransaction model vs {V}irtual {S}ynchrony model : bridging the gap},
   booktitle = {Proceedings of the Internation Workshop on Theory and Practice in Distributed Systems},
   organization = {D\'epartement d'Informatique, Ecole Polytechnique F\'ed\'erale de Lausanne},
   year      = {1955}
}


@techreport{Hadzi94,
   author    = {V. Hadzilacos and S. Toueg},
   title     = {A Modular Approach to Fault-Tolerant Broadcasts and Related Problems},
   institution = {Cornell University},
   year      = {1994},
   number    = {TR94-1425}
}


@techreport{Kaashoek92,
   author    = {F. Kaashoek and A. Tanenbaum},
   title     = {Efficient {R}eliable {G}roup {C}ommunication {F}or {D}istributed {S}ystems},
   institution = {Vrije Universiteit, Amsterdam},
   year      = {1992},
   month     = {July},
   number    = {IR-295}
}


@article{Kaashoek93a,
   author    = {F. Kaashoek and R. van Renesse and H. van Staveren and A. Tanenbaum},
   title     = {{FLIP}~: an {I}nternetwork {P}rotocol for {S}upporting {D}istributed  {S}ystems},
   journal   = {ACM Transactions on Computer Systems},
   year      = {1993},
   month     = {February},
   pages     = {73-106}
}


@inproceedings{Kaashoek93b,
   author    = {F. Kaashoek and A. Tanenbaum and K. Verstoep},
   title     = {Using {G}roup {C}ommunication to {I}mplement a {F}ault-{T}olerant {D}irectory {S}ervice},
   booktitle = {Proceedings of the 13th International Conference on Distributed Computing Systems},
   year      = {1993},
   pages     = {130-139}
}


@techreport{Malki94,
   author    = {D. Malki and K. Birman and A. Ricciardi and A. Schiper},
   title     = {Uniform {A}ctions in {A}synchronous {D}istributed {S}ystems},
   institution = {Department of Computer Science, Cornell University},
   year      = {1994},
   number    = {TR94-1447}
}


@techreport{Renesse,
   author    = {R. van Renesse and K. Birman and B. Glade and K. Guo and M. Hayden and T. Hickey and D. Malki and A. Vaysburd and W. Vogels},
   title     = {Horus : {A} {F}lexible {G}roup {C}ommunication {S}ystem},
   institution = {Department of Computer Science, Cornell University}
}


@techreport{Sabel95,
   author    = {L. Sabel and K. Marzullo},
   title     = {Election {V}s. {C}onsensus in {A}synchronous {S}ystems},
   institution = {Department of Computer Science, Cornell University},
   year      = {1995},
   number    = {TR95-1488}
}


@inproceedings{Schiper93,
   author    = {A. Schiper and A. Sandoz},
   title     = {Uniform {R}eliable {M}ulticast in a {V}irtually {S}ynchronous {E}nvironment},
   booktitle = {Proceedings of the 13th International Conference on Distributed Computing Systems},
   year      = {1993},
   month     = {May},
   pages     = {561-568}
}


@inproceedings{Becker93,
   author    = {T. Becker and K. Grieger},
   title     = {An {E}fficient {A}tomic {M}ulticast {P}rotocol for {C}lient-{S}erver Models},
   booktitle = {Proceedings of the 7th International Parallel Processing Symposium},
   organization = {Computer Science Department, University of Kaiserslautern},
   year      = {1993},
   month     = {April}
}


@inproceedings{Cheriton93,
   author    = {D. Cheriton and D. Skeen},
   title     = {Understanding the {L}imitations of {C}ausally and {T}otally {O}rdered {C}ommuinication},
   booktitle = {Proceedings of the 14th Symposium on Operating Systems Principles},
   year      = {1993},
   month     = {December}
}


@techreport{Friedman95a,
   author    = {R. Friedman and R. van Renesse},
   title     = {Strong and {W}eak {V}irtual {S}ynchrony in {H}orus},
   institution = {Department of Computer Science, Cornell University},
   year      = {1995},
   month     = {March}
}


@techreport{Friedman95b,
   author    = {R. Friedman and R. van Renesse},
   title     = {Packing {M}essages as a {T}ool for {B}oosting the {P}erformance of {T}otal {O}rdering {P}rotocol},
   institution = {Department of Computer Science, Cornell University},
   year      = {1995},
   month     = {July},
   address   = {TR95-1527}
}


@inproceedings{Guerraoui95,
   author    = {R. Guerraoui and A. Schiper},
   title     = {A {G}eneric {M}ulticast {P}rimitive to {S}upport {T}ransactions on {R}eplicated {O}bjects in {D}istributed {S}ystems},
   booktitle = {Proceedings of the 5th IEEE Workshop on Future Trends in Distributed Computing Systems},
   organization = {D\'epartement d'Informatique, Ecole Polytechnique F\'ed\'erale de Lausanne},
   year      = {1995},
   month     = {August}
}


@inproceedings{Guerraoui95b,
   author    = {R. Guerraoui and A. Schiper},
   title     = {{T}ransaction model vs {V}irtual {S}ynchrony model : bridging the gap},
   booktitle = {Proceedings of the Internation Workshop on Theory and Practice in Distributed Systems},
   organization = {D\'epartement d'Informatique, Ecole Polytechnique F\'ed\'erale de Lausanne},
   year      = {1955}
}


@techreport{Sabel95,
   author    = {L. Sabel and K. Marzullo},
   title     = {Election {V}s. {C}onsensus in {A}synchronous {S}ystems},
   institution = {Department of Computer Science, Cornell University},
   year      = {1995},
   number    = {TR95-1488}
}



