@techreport{Condict93,
   AUTHOR    = {M. Condict and D. Mitchell and F. Reynolds},
   TITLE     = {Optimizing {M}ach-based {S}ystems by {S}erver {C}o-location},
   YEAR      = {1993},
   INSTITUTION = {OSF Research Institute},
   MONTH     = {August}
}

@book{Foundation90,
   AUTHOR    = {Open Software Foundation},
   TITLE     = {The {D}esign of the {O}SF/1 {O}perating {S}ystem},
   YEAR      = {1990},
   PUBLISHER = {Open Software Foundation,}
}


@techreport{Foundation92,
   AUTHOR    = {F. Barbou Des Places and P. Bernadat and M. Condict and S. Empereur and J. Febvre and D. George and J. Loveluck and E. McManus and S. Patience and J. Rogado and P. Roudaud},
   TITLE     = {{A}rchitecture and {B}enefits of a {M}ultithreaded {O}SF/1 {S}erver},
   YEAR      = {1992},
   INSTITUTION = {OSF Research Institute},
   MONTH     = {June}
}


@inproceedings{Golub90,
   AUTHOR    = {D. Golub and R. Dean and A. Forin and R. Rashid},
   TITLE     = {Unix as an {A}pplication {P}rogram},
   BOOKTITLE = {Proceedings of the Summer 1990 USENIX Conference},
   YEAR      = {1990},
   MONTH     = {June},
   PAGES     = {87-96}
}


@mastersthesis{Helander94,
   AUTHOR    = {J. Helander},
   TITLE     = {Unix under {M}ach - the {L}ites {S}erver},
   YEAR      = {1994},
   SCHOOL    = {Helsinki University of Technology},
   MONTH     = {December}
}


@article{Hurd94,
   AUTHOR    = {M. Bushnell and R. Stallman and R. Mc Grath and Jan Brittenson},
   TITLE     = {Towards a {N}ew {S}trategy of {O}S {D}esign},
   JOURNAL   = {GNU Bulletin},
   YEAR      = {1994},
   MONTH     = {January}
}


@inproceedings{Kupfer93,
   AUTHOR    = {Michael D. Kupfer},
   TITLE     = {Sprite on {M}ach},
   BOOKTITLE = {Proceedings of the Third Usenix Mach Symposium},
   YEAR      = {1993},
   MONTH     = {April}
}


@book{Leffler89,
   AUTHOR    = {S. Leffler and M. Mc Kusick and M. Karels and J. Quaterman},
   TITLE     = {The {D}esign and {I}mplementation of the 4.3BSD {U}NIX {O}perating {S}ystem},
   YEAR      = {1989},
   PUBLISHER = {Addison-Wesley}
}


@article{Ousterhout88,
   AUTHOR    = {J. Ousterhout and A.Cherenson and F. Douglis and M. Nelson and B. Welch},
   TITLE     = {The {S}prite {N}etwork {O}perating {S}ystem},
   JOURNAL   = {IEEE Computer},
   YEAR      = {1988},
   MONTH     = {February},
   NUMBER    = {2},
   PAGES     = {23-36},
   VOLUME    = {21}
}


@inproceedings{Patience93,
   AUTHOR    = {Simon Patience},
   TITLE     = {Redirecting {S}ystem {C}alls in {M}ach 3.0 : an {A}lternative to the {E}mulator},
   BOOKTITLE = {Proceedings of the 3rd Usenix Mach Symposium},
   YEAR      = {1993},
   MONTH     = {April}
}


@inproceedings{Zajcew93,
   AUTHOR    = {R. Zajcew and P. Roy and D. Black and C. Peak and P. Guedes and B. Kemp and J. LoVerso and M. Leibensperger and M. Barnett and F. Rabii and D. Netterwala},
   TITLE     = {An {O}{S}{F}/1 {U}nix  for {M}assively {P}arallel {M}achines},
   BOOKTITLE = {Proceedings of the Winter Usenix Conference},
   YEAR      = {1993},
   MONTH     = {January},
   ORGANIZATION = {Usenix Association},
   PAGES     = {37-56}
}


@inproceedings{dos91,
   AUTHOR    = {G. Malan and R. Rashid and D. Golub and R. Baron},
   TITLE     = {{DOS} as a {M}ach 3.0 {A}pplication},
   BOOKTITLE = {Proceedings of the 1st Usenix Mach Symposium},
   YEAR      = {1991},
   MONTH     = {November},
   ORGANIZATION = {Carnegie Mellon University},
   PAGES     = {27-40}
}


@inproceedings{mach-us91,
   AUTHOR    = {P. Guedes and D. Julin},
   TITLE     = {Object-{O}riented {I}nterfaxes in the {M}ach 3.0 {M}ulti-{S}erver {S}ystem},
   BOOKTITLE = {Proceedings of the IEEE Second International Workshop on Object Orientation in Operating Systems},
   YEAR      = {1991},
   MONTH     = {October}
}


@inproceedings{mach-us95,
   AUTHOR    = {J. Stevenson and D. Julin},
   TITLE     = {Mach-{U}S: {U}nix on {G}eneric {O}{S} {O}bject {S}ervers},
   BOOKTITLE = {Proceedings of the 1995 Usenix Conference},
   YEAR      = {1995},
   MONTH     = {January}
}

