
@inproceedings{Barrera91,
   author    = {J. Barrera},
   title     = {A {F}ast {M}ach {N}etwork {I}{P}{C} {I}mplementation},
   booktitle = {Proceedings of the Usenix Mach Symposium},
   organization = {Usenix Association},
   year      = {1991},
   month     = {November}
}


@article{Bershad90a,
   author    = {B. Bershad and T. Anderson and E. lazowska and H. Levy},
   title     = {Lightweight {R}emote {P}rocedure {C}all},
   journal   = {ACM Transactions on Computer Systems},
   year      = {1990},
   month     = {February},
   volume    = {8},
   number    = {1},
   pages     = {37-55}
}


@inproceedings{Bershad92,
   author    = {B. Bershad},
   title     = {The {I}ncreasing {I}rrelevance of {IPC} {P}erformance for {M}icrokernel-{B}ased {O}perating {S}ystems},
   booktitle = {Proceedings of the 1992 Usenix Workshop on Microkernels},
   year      = {1992}
}


@article{Cheriton86,
   author    = {D. Cheriton},
   title     = {{VMTP} : {A} {T}ransport {P}rotocol for the {N}ext {G}eneration of {C}ommunication {S}ystems},
   journal   = {Computer Communications Review},
   year      = {1986},
   volume    = {16},
   number    = {3},
   pages     = {406-414}
}


@inproceedings{Clark90,
   author    = {D. Clark and D. Tennenhouse},
   title     = {Architectural {C}onsiderations for a {N}ew {G}eneration of {P}rotocols},
   booktitle = {Proceedings of the SIGCOMM '90 Symposium},
   year      = {1990},
   month     = {September},
   pages     = {200-208}
}


@techreport{Condict93,
   author    = {M. Condict and D. Mitchell and F. Reynolds},
   title     = {Optimizing {P}erformance of {M}ach-based {S}ystems by {S}erver {C}o-{L}ocation: {A} {D}etailed {D}esign},
   institution = {Open Software Foundation},
   year      = {1993},
   month     = {August}
}


@techreport{Condict94,
   author    = {M. Condict and D. Bolinger and D. Mitchell and E. McManus},
   title     = {Microkernel {M}odularity with {I}ntegrated {K}ernel {P}erformance},
   institution = {Open Software Foundation},
   year      = {1994},
   month     = {June}
}


@inproceedings{Draves90,
   author    = {R. Draves},
   title     = {A {R}evised {IPC} {I}nterface},
   booktitle = {Proceedings of the Usenix Mach Workshop},
   organization = {Usenix Association},
   year      = {1990},
   month     = {October},
   pages     = {101-121}
}


@inproceedings{Forin91,
   author    = {A. Forin and D. Golub and B. Bershad},
   title     = {An {I}/{O} {S}ystem for {M}ach 3.0},
   booktitle = {Proceedings of the 1st Usenix Mach Symposium},
   organization = {Usenix Association},
   year      = {1991},
   month     = {November},
   pages     = {163-176}
}


@inproceedings{Hsieh93,
   author    = {W. Hsieh and F. Kaashoek and W. Weihl},
   title     = {The {P}ersistent {R}elevance of {IPC} {P}erformance : {N}ew {T}echniques for {R}educing the {IPC} {P}enalty},
   booktitle = {Proceedings of the 4th Workshop on Workstation Operating Systems},
   year      = {1993},
   month     = {October},
   pages     = {186-190}
}


@article{Hutchinson91,
   author    = {N. Hutchinson and L. Peterson},
   title     = {The x-kernel : an {A}rchitecture for {I}mplementing {N}etwork {P}rotocols},
   journal   = {IEEE Transactions on Software Engineering},
   year      = {1991},
   month     = {January},
   volume    = {17},
   number    = {1}
}


@inproceedings{Maeda92,
   author    = {C. Maeda and B. Bershad},
   title     = {Networking {P}erformance for {M}icrokernels},
   booktitle = {Proceedings of the 3rd Workshop on Workstation Operating Systems},
   year      = {1992},
   month     = {April}
}


@inproceedings{Maeda93,
   author    = {C. Maeda and B. Bershad},
   title     = {Protocol {S}ervice {D}ecomposition for {H}igh {P}erformance {N}etworking},
   booktitle = {Proceedings of the 14th ACM Symposium on Operating Systems Principles},
   year      = {1993},
   month     = {December},
   pages     = {244-255}
}


@inproceedings{Oey95,
   author    = {M. Oey and K. Langendoen and H. Bal},
   title     = {Comparing {K}ernel-{S}pace and {U}ser-{S}pace {C}ommunication {P}rotocols on {A}moeba},
   booktitle = {Proceedings of the 15th International Conference on Distributed Computing Systems},
   year      = {1995},
   month     = {May}
}


@inproceedings{Orman93,
   author    = {H. Orman and E. Menze and S. O'Malley and L. Peterson},
   title     = {A {F}ast and {G}eneral {I}implementation on {M}ach {I}{P}{C} in a {N}etwork},
   booktitle = {Proceedings of the 3rd Usenix Mach Conference},
   organization = {Usenix Association},
   year      = {1993},
   month     = {April},
   pages     = {75-88}
}


@inproceedings{Plagemann93,
   author    = {T. Plagemann and B. Plattner and M. Vogt and T. Walter},
   title     = {Modules as {B}uilding {B}locks for {P}rotocol {C}onfiguration},
   booktitle = {Proceedings of the International Conference on Network Protocols},
   organization = {Computer Engineering and Networks Laboratory, Swiss Federal Institute of Technology},
   year      = {1993},
   month     = {October},
   address   = {Zurich},
   pages     = {106-115}
}


@inproceedings{Reynolds91,
   author    = {F. Reynolds and J. Heller},
   title     = {Kernel {S}upport {F}or {N}etwork {P}rotocol {S}ervers},
   booktitle = {Proceedings of the Usenix Mach Symposium},
   organization = {Usenix Association},
   year      = {1991},
   month     = {November}
}


@techreport{Reynolds93,
   author    = {F. Reynolds and F. Travostino and R. MacDonald and D. Ellistion and K. Loepere},
   title     = {Design for a {N}ew {U}ntyped {I}PC for {M}ach},
   institution = {Open Software Foundation},
   year      = {1993},
   month     = {September}
}


@techreport{Sakaruba94,
   author    = {T. Sakaruba and F. Travostino},
   title     = {Using a {N}etworked {M}ach {I}{P}{C} implemented in user-space with x-kernel},
   institution = {Open Software Foundation},
   year      = {1994},
   month     = {April}
}


@inproceedings{Sansom86,
   author    = {R. Sansom and D. Julin and R. Rashid},
   title     = {Extending a {C}apability {B}ased {S}ystem into a {N}etwork {E}nvironment},
   booktitle = {Proceedings of ACM SIGCOMM'86},
   year      = {1986},
   pages     = {265-274}
}

@inproceedings{Sunderam90,
   key       = {Sunderam90},
   author    = {V.S. Sunderam},
   title     = {An {I}nclusive {S}ession {L}evel {P}rotocol for {D}istributed {A}pplications},
   booktitle = {Proceedings of the SIGCOMM '90 Symposium},
   year      = {1990},
   month     = {September},
   pages     = {307-316}
}


@techreport{Travostino93,
   author    = {F. Travostino and F. Reynolds},
   title     = {x-kernel {E}valuation at the {O}SF {R}I},
   institution = {Open Software Foundation},
   year      = {1993},
   month     = {September}
}


@inproceedings{Tschudin91,
   author    = {C. Tschudin},
   title     = {Flexible {P}rotocol {S}tacks},
   booktitle = {Proceedings of the SIGCOMM '91 Symposium},
   year      = {1991},
   month     = {September},
   pages     = {197-204}
}


@inproceedings{Young87,
   author    = {M. Young and A. Tevanian and R. Rashid and D. Golub and J. Eppi
       nger and J. Chew and W. Bolosky and D. Black and R. Baron},
   title     = {The {D}uality of {M}emory and {C}ommunication in the {I}mplemen
       ation of a {M}ultiprocessor {O}perating {S}ystem},
   booktitle = {Proceedings of the 11th ACM Symposium on Operating Systems Prin
       ciples},
   year      = {1987},
   month     = {November},
   pages     = {63-76}
}


@inproceedings{Yuhara94,
   author    = {M. Yuhara and B. Bershad ans C. Maeda and J. Eliot and B. Moss},
   title     = {Efficient {P}acket {D}emultiplexing fot {M}ultiple {E}ndpoints and {L}arge {M}essages},
   booktitle = {Proceedings of the Winter Usenix Conference},
   organization = {Usenix Association},
   year      = {1994},
   month     = {January}
}


@techreport{netmsg89,
   author    = {D. Julin},
   title     = {Network {S}erver {D}esign},
   institution = {Open Software Foundation},
   year      = {1989},
   month     = {August}
}


@techreport{norma93,
   author    = {B. Bryant and A. Langerman and S. Sears and D. Black},
   title     = {{N}ORMA {I}PC: {A} {T}ask-to-{T}ask {C}ommunication {S}ystem for {M}ulticomputer {S}ystems},
   institution = {Open Software Foundation},
   year      = {1993},
   month     = {October}
}


@techreport{norma94,
   author    = {OSF},
   title     = {NORMA {I}PC {V}ersion {T}wo: {A}rchitecture and {D}esign},
   institution = {Open Software Foundation},
   year      = {1994},
   month     = {October}
}


@techreport{protocol94,
   author    = {C. Mercer and J. Zelenka and R. Rajkumar},
   title     = {On {P}redictable {O}perating {S}ystem {P}rotocol {P}rocessing},
   institution = {Carnegie Mellon University},
   year      = {1994},
   month     = {May},
   number    = {CMU-CS-94-165}
}

