@techreport{mach:basis,
	author		= "A. Tevanian and R. Rashid",
	title		= "{M}ach: {A} {B}asis for {F}uture {UNIX}
			   {D}evelopment",
	number		= "CMU-CS-87-139",
	institution	= cmucs,
	year		= 1987
}

@inproceedings{mach:cmultithreads,
	author		= "M. Jones",
	title		= "{B}ringing the {C} {L}ibraries {W}ith {U}s into a
			   {M}ulti-{T}hread {F}uture",
	booktitle	= "Proceedings of the Usenix Winter Conference",
	year		= 1991
}

@techreport{mach:cthreads,
	author		= "E. Cooper and R. Draves",
	title		= "{C} {T}hreads",
	number		= "CMU-CS-88-154",
	institution	= cmucs,
	year		= 1988
}

@inproceedings{mach:dos,
	author		= "G. Malan and R. Rashid and D. Golub and R. Baron",
	title		= "{DOS} as a {M}ach 3.0 {A}pplication",
	booktitle	= "Proceedings of the Usenix Mach Symposium",
	pages		= "27--40",
	month		= "November",
	year		= 1991
}

@inproceedings{mach:emulation,
	author		= "D. Julin and J. Chew and J. Stevenson and
			   P. Guedes and P. Neves and P. Roy",
	title		= "{G}eneralized {E}mulation {S}ervices for {M}ach
			   3.0 -- {O}verview, {E}xperiences and {C}urrent
			   {S}tatus",
	booktitle	= "Proceedings of the Usenix Mach Symposium",
	pages		= "13--26",
	month		= "November",
	year		= 1991
}

@inproceedings{mach:evolution,
	author		= "R. Rashid",
	title		= "{F}rom {RIG} to {A}ccent to {M}ach: {T}he
			   {E}volution of a {N}etwork {O}perating {S}ystem",
	booktitle	= "Proceedings of the Fall Joint Computer Conference",
	organization	= "ACM/IEEE Computer Society",
	year		= 1986
}

@techreport{mach:exceptions,
	author		= "D. Black and D. Golub and R. Rashid and
			   A. Tevanian and M. Young",
	title		= "{T}he {M}ach {E}xception {H}andling {F}acility",
	number		= "CMU-CS-88-129",
	institution	= cmucs,
	year		= 1988
}

@inproceedings{mach:foundation,
	author		= "M. Accetta and R. Baron and W. Bolosky and
			   D. Golub and R. Rashid and A. Tevanian and
			   M. Young",
	title		= "{M}ach: {A} {N}ew {K}ernel {F}oundation {F}or
			   {UNIX} {D}evelopment",
	booktitle	= "Proceedings of the Usenix 1986 Summer Conference",
	month		= "June",
	year		= 1986
}

@inproceedings{mach:io,
	author		= "A. Forin and D. Golub and B. Bershad",
	title		= "{A}n {I}/{O} {S}ystem for {M}ach",
	booktitle	= "Proceedings of the Usenix Mach Conference",
	year		= 1991
}

@inproceedings{mach:ipc,
	author		= "R. Draves",
	title		= "{A} {R}evised {IPC} {I}nterface",
	booktitle	= "Proceedings of the Usenix Mach Conference",
	year		= 1990
}

@techreport{mach:matchmaker,
	author		= "M. Jones and R. Rashid",
	title		= "{M}ach and {M}atchmaker: {K}ernel and {L}anguage
			   {S}upport for {O}bject-{O}riented {D}istributed
			   {S}ystems",
	number		= "CMU-CS-86-123",
	institution	= cmucs,
	year		= 1986
}

@unpublished{mach:mig,
	author		= "R. Drave and M. Jones and M. Thompson",
	title		= "{MIG} -- {T}he {M}ach {I}nterface {G}enerator",
	year		= 1989
}

@phdthesis{mach:multiproc,
	author		= "D. Black",
	title		= "{S}cheduling and {R}esources {M}anagement
			   {T}echniques for {M}ultiprocessors",
	school		= cmucs,
	year		= 1990
}

@inproceedings{mach:multiserv1,
	author		= "P. Guedes and D. Julin",
	title		= "{O}bject-{O}riented {I}nterfaces in the {M}ach 3.0
			   {M}ulti-{S}erver {S}ystem",
	booktitle	= "Proceedings of the IEEE Second International
			   Workshop on Object Orientation in Operating
			   Systems",
	month		= "October",
	year		= 1991
}

@techreport{mach:multiserv2,
	author		= "P. Guedes and D. Julin",
	title		= "{W}riting the {M}ach3 {M}ulti--{S}erver {S}ystem
			   in {C}++",
	institution	= "Design Review of the Research Institute, Open
			   Software Fundation",
	month		= "February",
	year		= 1991
}

@inproceedings{mach:pages,
	author		= "R. Draves",
	title		= "{P}age {R}eplacement and {R}eference {B}it
			   {E}mulation in {M}ach",
	booktitle	= "Proceedings of the Usenix Mach Conference",
	year		= 1991
}

@article{mach:sched,
	author		= "D. Black",
	title		= "{S}cheduling {S}upport for {C}oncurrency and
			   {P}arallelism in the {M}ach {O}perating {S}ystem",
	journal		= "IEEE Computer",
	volume		= 23,
	number		= 5,
	pages		= "35--43",
	month		= "May",
	year		= 1990
}

@inproceedings{mach:unix,
	author		= "D. Golub and R. Dean and A. Forin and R. Rashid",
	title		= "{U}nix as an {A}pplication {P}rogram",
	booktitle	= "Proceedings of the Usenix Summer Conference",
	year		= 1990
}

@phdthesis{mach:tevanian,
	author		= "A. Tevanian",
	title		= "{A}rchitecture-{I}ndependent {V}irtual {M}emory
			   {M}anagement for {P}arallel and {D}istributed
			   {E}nvironments",
	school		= cmucs,
	year		= 1987
}

@inproceedings{mach:vm,
	author		= "R. Rashid and A. Tevanian and M. Young and D. Golub
			   and R. Baron and D. Black and W. Bolosky and
			   J. Chew",
	title		= "{M}achine-{I}ndependent {V}irtual {M}emory
			   {M}anagement for {P}aged {U}niprocessor and
			   {M}ultiprocessor {A}rchitecture",
	booktitle	= "Proceedings of the Conference on Architectural
			   Support for Programming Languages and Operating
			   Systems",
	pages		= "31--39",
	month		= "October",
	year		= 1987
}

@book{osf:kernprinc,
	editor		= "K. Loepere",
	title		= "Mach 3 Kernel Principles",
	publisher	= osfandcmu,
	year		= 1992
}

@book{osf:kernint,
	editor		= "K. Loepere",
	title		= "Mach 3 Kernel Interface",
	publisher	= osfandcmu,
	year		= 1992
}

@book{osf:servguide,
	editor		= "K. Loepere",
	title		= "Server Writer's Guide",
	publisher	= osfandcmu,
	year		= 1992
}

@book{osf:servint,
	editor		= "K. Loepere",
	title		= "Server Writer's Interface",
	publisher	= osfandcmu,
	year		= 1992
}

