@inproceedings{athens95,
   AUTHOR    = {F. M\'evel and J. Simon},
   TITLE     = {Building a {D}istributed {G}eneric {L}ayer for {M}ultiple 
{P}ersonality {S}upport on top of the {M}ach {M}icrokernel},
   BOOKTITLE = {Proceedings of the International Conference on Parallel 
and Distributed Processing Techniques and Applications},
   YEAR      = {1995},
   MONTH     = {November}
}
   
@phdthesis{card:these,
   AUTHOR    = {R. Card},
   TITLE     = {MASIX - Un Syst\`eme d'Exploitation
       Multi-Environnements utilisant le micro-noyau
       MACH - Conception et R\'ealisation},
   YEAR      = 1993,
   SCHOOL    = {Laboratoire MASI, Universit\'e Pierre et Marie
       Curie},
   MONTH     = {May}
}


@inproceedings{jrprc,
   AUTHOR    = {F. M\'evel and J. Simon},
   TITLE     = {R\'epartition de {C}harge au dessus du {M}icro-noyau {M}ach : {I}nt\'egration de la {M}igration dans le {S}yst\`eme {M}asix},
   BOOKTITLE = {Actes des Journ\'ees de Recherche sur le Placement Dynamique et la R\'epartition de Charge},
   YEAR      = {1995},
   MONTH     = {Mai},
   PAGES     = {77-80}
}


@inproceedings{masix:osf,
   AUTHOR    = {R. Card and E. Commelin and S. Dayras
       and F. M\'evel},
   TITLE     = {{T}he {MASIX} {M}ulti-{S}erver {O}perating {S}ystem},
   BOOKTITLE = {OSF Workshop on Microkernel Technology for
       Distributed Systems},
   YEAR      = 1993,
   MONTH     = {June}
}


@unpublished{masix:specification,
   AUTHOR    = {R. Card},
   TITLE     = {Sp\'ecification du Syst\`eme Masix},
   YEAR      = 1992,
   NOTE      = {Document de travail interne},
   institution = masi
}


@techreport{masix:structure,
   AUTHOR    = {R. Card and S. Dayras},
   TITLE     = {The Masix Operating System: Description of a Work
       in Progress},
   YEAR      = 1993,
   INSTITUTION = ibp,
   NUMBER    = {MASI.???}
}

