
@inproceedings{Cooper95a,
   author    = {D. Cooper and K. Birman},
   title     = {Preserving {P}rivacy in a  {N}etwork of {M}obile {C}omputers},
   booktitle = {Proceedings of the 1995 IEEE Symposium on Secrity and Privacy},
   year      = {1995},
   month     = {May}
}


@article{Diffie76,
   author    = {W. Diffie and M. Hellman},
   title     = {New {D}irection in {C}ryptography},
   journal   = {IEEE Transactions on Information Theory},
   year      = {1976},
   volume    = {IT-22},
   pages     = {644-654}
}


@inproceedings{des77,
   author    = {NBS},
   title     = {Data {E}ncryption {S}tandard ({DES})},
   booktitle = {Federal Information Processing Standards 46},
   publisher = {US National Bureau of Standards},
   year      = {1977}	
}


@article{Needham78,
   author    = {R. Needham and M. Schroeder},
   title     = {Using {E}ncryption for {A}uthentication in {L}arge {N}etworks of {C}omputers},
   journal   = {Communications of the ACM},
   year      = {1978},
   volume    = {21},
   number    = {12},
   pages     = {993-999}
}


@inproceedings{Neumann91a,
   author    = {B. Neumann},
   title     = {Protection and {S}ecurity {I}ssues for {F}uture {S}ystems},
   booktitle = {Proceedings of the Workshop on Operations Systems of the 90s and Beyond},
   year      = {1991},
   month     = {July},
   pages     = {184-201}
}


@inproceedings{Neumann93a,
   author    = {B. Neumann},
   title     = {Proxy-{B}ased {A}uthorization and {A}ccounting for {D}istributed {S}ystems},
   booktitle = {Proceedings of the 13th International Conference on Distributed Computing Systems},
   year      = {1993},
   month     = {May},
   pages     = {283-291}
}


@inproceedings{Reiter92a,
   author    = {M. Reiter and K. Birman and Li Gong},
   title     = {Integrating {S}ecurity in a {G}roup {O}riented {D}istributed {S}ystem},
   booktitle = {Proceedings of the 1992 IEEE Symposium on Research in Security and Privacy},
   year      = {1992}
}


@article{Rivest78,
   author    = {R. Rivest and A. Shamir and L. Adelman},
   title     = {A method of obtaining digital signatures and public key cryptosystems},
   journal   = {Communications of the ACM},
   year      = {1978},
   volume    = {21},
   number    = {2},
   pages     = {120-126}
}


@techreport{Rivest92,
   author    = {R. Rivest},
   title     = {The {M}{D}5 {M}essage-{D}igest {A}lgorithm},
   institution = {Network Information Center},
   year      = {1992},
   number    = {RFC 1321}
}


@article{Smith92,
   author    = {P. Smith},
   title     = {{L}{U}{C} {P}ublic {K}ey {E}ncryption},
   journal   = {Dr Dobb's Journal},
   year      = {1993}
}

