@book{rose91,
	author		= "M.T. Rose",
	title		= "The Simple Book, An Introduction To Management
			   of TCP/IP",
	publisher	= "Prentice-Hall",
	year		= 1991
}

@inproceedings{boutaba93,
	author		= "R. Boutaba",
	title		= "A methodology for structuring management
			   of networked systems",
	booktitle	= "Proc.  of International Conference on Advanced
			   Information Processing Techniques for LAN and
			   MAN Management, IFIP W.G. 6.4, Versailles",
	month		= "April",
	year		= 1993
}

@inproceedings{langsford92,
	author		= "A. Langsford",
	title		= "{E}volution of the {M}anaged {N}etwork",
	booktitle	= "Networks '92",
	month		= "June",
	year		= 1992
}

@inproceedings{tokoro90,
	author		= "M. Tokoro",
	title		= "{C}omputational {F}ield {M}odel: {T}oward a {N}ew
			   {C}omputing {M}odel/{M}ethodology for {O}pen
			   {D}istributed {E}nvironment",
	booktitle	= "Proceedings of 2nd Workshop on Future Trends in
			   Distributed Computing Systems, Cairo",
	month		= "September",
	year		= 1990
}

@phdthesis{dickman91,
	author		= "P. Dickman",
	title		= "Distributed object management in a non-small graph
			   of autonomous networks with few failures",
	school		= "Darwin College, University of Cambridge",
	month		= "September",
	year		= 1991
}

@inproceedings{dejan93,
	author		= "D. Miloji\`ci\'c and P. Giese and W. Zint",
	title		= "{L}oad {D}istribution on {M}icrokernels",
	booktitle	= "Proceedings of the IEEE Workshop on Future Trend
			   in Distributed Computing Systems",
	year		= 1993
}
