@article{douglis:comp,
	author		= "F. Douglis and M. Kaashoek and A. Tanenbaum and
			   J. Ousterhout",
	title		= "{A} {C}omparison of {T}wo {D}istributed {S}ystems:
			   {A}moeba and {S}prite",
	journal		= "Computing Systems",
	volume		= 4,
	number		= 3,
	pages		= "353--384",
	month		= "December",
	year		= 1991
}

@article{mullender:amoeba,
	author		= "S. Mullender and G. van Rossum and A. Tanenbaum and
			   R. van Reneese and H. van Straveren",
	title		= "{A}moeba -- {A} {D}istributed {O}perating {S}ystem
			   for the 1990s",
	journal		= cacm,
	volume		= 15,
	number		= 5,
	pages		= "44--53",
	month		= "May",
	year		= 1990
}

@inproceedings{reneese:file,
	author		= "R. van Reneese and A. Tanenbaum and A. Wilschut",
	title		= "The design of a high-performance file server",
	booktitle 	= "Proceedings of the Ninth International Conference
			   on Distributed Computing Systems",
	pages		= "22--27",
	year		= 1989
}

@inproceedings{tanenbaum:capabilities,
	author		= "A. Tanenbaum and S. Mullender and R. van Renesse",
	title		= "{U}sing {S}parse {C}apabilities in a {D}istributed
			   {O}perating {S}ystem",
	booktitle	= "Proceedings of the Sixth International Conference
			   on Distributed Computing Systems",
	pages		= "558--563",
	year		= 1986
}

@article {tanenbaum:experiences,
	author		= "A. Tanenbaum and R. van renesse and H. van Staveren
			   and G. Sharp and S. Mullender and J. Jansen and
			   G. van Rossum",
	title		= "{E}xperiences with the {A}moeba {D}istributed
			   {O}perating {S}ystem",
	journal		= cacm,
	volume		= 33,
	pages		= "46--63",
	year		= 1990
}
