@inproceedings{albinson:chorus:mix,
	author		= "L. Albinson and D. Grabas and P. Piovesan and
			   M. Tromboff and C. Tricot and H. Yassaie",
	title		= "{UNIX} on {L}oosely {C}oupled {A}rchitecture:
			   the {CHORUS}/{MIX} {A}pproach",
	booktitle	= "Proceedings of the EIT Workshop on Parallel and
			   Distributed Workstation Systems",
	month		= "September",
	year		= 1991
}

@inproceedings{armand:dist:unix,
	author		= "F. Armand and M. Gien and F. Herrmann and
			   M. Rozier",
	title		= "{R}evolution 89, or {D}istributing {UNIX} {B}rings
			   it {B}ack to its {O}riginal {V}irtues",
	booktitle	= "Proceedings of Workshop on Experiences with Building
			   Distributed (and Multiprocessor) Systems",
	pages		= "153--174",
	month		= "October",
	year		= 1989
}

@inproceedings{armand:driver,
	author		= "F. Armand",
	title		= "{G}ive a {P}rocess to your drivers!",
	booktitle	= "Proceedings of the EurOpen Autumn 1991 Conference",
	month		= "September",
	year		= 1991
}

@inproceedings{armand:thread,
	author		= "F. Armand and F. Herrmann and J. Lipkis and
			   M. Rozier",
	title		= "{M}ulti-threaded {P}rocesses in {C}horus/{MIX}",
	booktitle	= "Proc. of EUUG Spring'90 Conference",
	pages		= "1--13",
	month		= "April",
	year		= 1990
}

@inproceedings{bricker:mk,
	author		= "A. Bricker and M. Gien and M. Guillemont and
			   J. Lipkis and D. Orr and M. Rozier",
	title		= "{A} {N}ew {L}ook at {M}icrokernel-{B}ased {U}NIX
			   {O}perating {S}ystems; {L}essons in {P}erformance
			   and {C}ompatibility",
	booktitle	= "Proceedings of the EurOpen Spring'91 Conference",
	month		= "May",
	year		= 1991
}

@inproceedings{dean:datamovement,
	author		= "R. Dean and F. Armand",
	title		= "{D}ata {M}ovement in {K}ernelized {S}ystems",
	booktitle	= "Workshop on Micro-Kernels and Other Kernel
			   Architectures",
	pages		= "243--261",
	month		= "April",
	year		= 1992
}

@article{gien:mk,
	author		= "M. Gien",
	title		= "{M}icro-kernel {A}rchitecture; {K}ey to {M}odern
			   {O}perating {S}ystems {D}esign",
	journal		= "Unix Review",
	volume		= 8,
	number		= 11,
	month		= "November",
	year		= 1990
}

@inproceedings{chorus:mv,
	author		= "V. Abrossimov and M. Rozier and M. Shapiro",
	title		= "{G}eneric {V}irtual {M}emory {M}anagement for
			   {O}perating {S}ystem {K}ernels",
	booktitle	= "Proceedings of the 12th ACM Symposium on Operating
			   Systems Principles",
	month		= "December",
	year		= 1989
}

@article{rozier:chorus:overview,
	author		= "M. Rozier and V. Abrossimov and F. Armand and
			   I. Boule and M. Gien and M. Guillemont and
			   F. Herrmann and C. Kaiser and S. Langlois and
			   P. L\'eonard and W. Neuhauser",
	title		= "{CHORUS} {D}istributed {O}perating {S}ystems",
	journal		= "Computing Systems",
	volume		= 1,
	number		= 4,
	pages		= "305--370",
	month		= "December",
	year		= 1988
}

@inproceedings{chorus:vm,
	author		= "V. Abrossimov and M. Rozier and M. Shapiro",
	title		= "{V}irtual {M}emory {M}anagement in {C}horus",
	booktitle	= "Proceedings of Progress in Distributed Operating
			   Systems and Distributed Systems Management",
	month		= "April",
	year		= 1989
}
