@techreport{ansa,
	key		= "ANSA",
	title		= "{ANSA} {R}eference {M}anual",
	institution	= "Alvey Advanced Network System Architecture Project",
	year		= 1987
}

@techreport{baker:perf,
	author		= "M. Baker and J. Hartman and M. Kupfer and
			   K. Shiriff and J. Ousterhout",
	title		= "Measurements of a Distributed File System",
	institution	= "Computer Science Division, Electrical Engineering
			   and Computer Sciences, University of California,
			   Berkeley",
	year		= 1991
}

@article{balkovitch:athena,
	author		= "E. Balkovitch and S. Lerman and R. Parmelee",
	title		= "{C}omputing in {H}igher {E}ducation: {T}he {A}thena
			   {E}xperience",
	journal		= cacm,
	volume		= 28,
	number		= 11,
	pages		= "1214--1224",
	month		= "November",
	year		= 1985
}

@inproceedings{baskett:comm,
	author		= "F. Basket and J. Haward and J. Montagne",
	title		= "{T}ask {C}ommunication in {DEMOS}",
	booktitle	= "Proceedings of the Sixth ACM Symposium on Operating
			   Systems Principles",
	pages		= "23--31",
	year		= 1977
}

@article{bernstein:conc,
	author		= "P. Bernstein and N. Goodman",
	title		= "{C}oncurency {C}ontrol in {D}istributed {D}atabase
			   {S}ystems",
	journal		= "ACM Computing Surveys",
	pages		= "185--221",
	volume		= 13,
	number		= 2,
	year		= 1981
}

@article{bernstein:loosely,
	author		= "P. Bernstein",
	title		= "{A} {L}oosely {C}oupled {D}istributed {S}ystem for
			   {R}eliable {S}toring {D}ata",
	journal		= "IEEE Transactions on Software Ingineering",
	pages		= "446-454",
	volume		= "SE-11",
	number		= 5,
	year		= 1985
}

@article{birrell:rpc,
	author		= "A. Birrell and D. Nelson",
	title		= "{I}mplementaing {R}emote {P}rocedure {C}alls",
	journal		= "ACM Transactions on Computer Systems",
	pages		= "39--59",
	volume		= 2,
	number		= 1,
	year		= 1984
}

@article{champine:athena,
	author		= "G. Champine and D. Geer Jr and W. Ruh",
	title		= "{P}roject {A}thena as {D}istributed {C}omputer
			   {S}ystem",
	journal		= "IEEE Computer",
	pages		= "40--51",
	volume		= 23,
	year		= 1990
}

@book{coulouris,
	author		= "G. Coulouris and J. Dollimore",
	title		= "Distributed Systems: Concepts and Design",
	publisher	= "Addison Wesley",
	year		= 1988
}

@article{davidson:const,
	author		= "S. Davidson and H. Garcia and D. Skeen",
	title		= "Consistency in Partitioned Networks",
	journal		= "ACM Computing Surveys",
	pages		= "341--370",
	volume		= 17,
	number		= 3,
	month		= "September",
	year		= 1985
}

@inproceedings{douglis:migration1,
	author		= "F. Douglis and J. Ousterhout",
	title		= "{P}rocess {M}igration in the {S}prite {O}perating
			   {S}ystem",
	booktitle	= "Proceedings of the 7th International Conference on
			   Distributed Computing Systems",
	pages		= "18--25",
	year		= 1987
}

@article{douglis:migration2,
	author		= "F. Douglis and J. Ousterhout",
	title		= "{T}ransparent {P}rocess {M}igration: {D}esign
			   {A}lternatives and the {S}prite {I}mplementation",
	journal		= "Software -- Practice and Experience",
	volume		= 9,
	number		= 4,
	pages		= "757--785",
	month		= "August",
	year		= 1991
}

@article{fabry:capabilities,
	author		= "R. Fabry",
	title		= "{C}apability-{B}ased {A}ddressing",
	journal		= cacm,
	volume		= 17,
	number		= 7,
	pages		= "403--412",
	month		= "July",
	year		= 1974
}

@phdthesis{folliot:these,
	author		= "B. Folliot",
	title		= "M\'ethodes et Outils de Partage de Charge pour la
			   Conception et la Mise en Oeuvre d'Application
			   Parall\`eles dans les Syst\`emes R\'epartis
			   H\'et\'erog\`enes",
	school		= "Laboratoire MASI, Universit\'e Pierre et Marie
			   Curie",
	month		= "December",
	year		= 1992
}

@book{goscinski,
	author		= "A. Goscinski",
	title		= "Distributed Operating Systems -- The Logical Design",
	publisher	= "Addison Wesley",
	year		= 1991
}

@article{gray:data,
	author		= "J. Gray",
	title		= "{N}otes on {D}atabase {O}perating {S}ystems",
	journal		= "Lecture Notes in Computer Science",
	pages		= "393--481",
	volume		= 60,
	year		= 1978
}

@article{guide:langage,
	author		= "S. Krakowiak and M. Meysembourg and H. Nguyen Van
			   and M. Riveill and C. Roisin and
			   X. Rousset de Pina",
	title		= "{D}esign and implementation of an object-oriented,
			   strongly typed language for distributed
			   applications",
	journal		= "Journal of Object-Oriented Programming",
	volume		= 3,
	number		= 3,
	pages		= "11--22",
	month		= "October",
	year		= 1990
}

@inproceedings{guide:mach,
	author		= "F. Boyer and J. Cayuela and P.Y. Chevalier and
			   A. Freyssinet and D. Agimont",
	title		= "{S}upporting an object-oriented distributed
			   system: experience with {U}nix, {M}ach and
			   {C}horus",
	booktitle	= "Proceedings of the Symposium on Experience with
			   Distributed and Multiprocessor Systems",
	month		= "March",
	year		= 1991
}

@article{guide:overview,
	author		= "R. Balter and J. Bernadat and D. Decouchant and
			   A. Duda and A. Freyssinet and S. Krakowiak and
			   M. Meysembourg and P. Le Dot and H. Van Nguyen and
			   E. Payre and M. Riveill and C. Roisin and
			   X. Rousset de Pina and R. Scioville and
			   G. Vand\^ome",
	title		= "{A}rchitecture and {I}mplementation of {G}uide,
			   an {O}bject {O}riented {D}istributed {S}ystem",
	journal		= "Computing Systems",
	volume		= 4,
	year		= 1991
}

@inproceedings{guide:pager,
	author		= "F. Boyer",
	title		= "{A} {C}ausal {D}istributed {S}hared {M}emory
			   {B}ased on {E}xternal {P}agers",
	booktitle	= "Proceedings of the Second MACH Symposium",
	month		= "November",
	year		= 1991
}

@article{howard:afs,
	author		= "J. Howard",
	title		= "{S}cale and {P}erformance in a {D}istributed {F}ile
			   {S}ystem",
	journal		= "ACM Transactions on Computer Systems",
	pages		= "51--81",
	volume		= 6,
	year		= 1988
}

@article{krako:tsi,
	author		= "S. Krakowiak",
	title		= "{L}es {S}yst\`emes d'{E}xploitation {R}\'epartis :
			   \'evolution r\'ecente, tendances de la recherche",
	journal		= "Techniques et Sciences Informatiques",
	pages		= "151--161",
	volume		= 6,
	number		= 2,
	year		= 1987
}

@article{lamport:time,
	author		= "L. Lamport",
	title		= "{T}ime, {C}lock and the {O}rdering of {E}vents in a
			   {D}istributed {S}ystem",
	journal		= cacm,
	pages		= "558-565",
	volume		= 21,
	number		= 7,
	year		= 1978
}

@article{lelann:synchro,
	author		= "G. Le Lann",
	title		= "{S}ynchronisation in {L}ocal {A}rea {N}etworks: {A}n
			   {A}dvanced {C}ourse",
	journal		= "Lecture Notes in Computer Science",
	pages		= "361--395",
	volume		= 184,
	year		= 1983
}

@inproceedings{litzkow:condor,
	author		= "M. Litzkow and M. Livny and M. Mutka",
	title		= "{C}ondor -- {A} {H}unter of {I}dle {W}orkstations",
	booktitle	= "Proceedings of the Eighth International Conference
			   on Distributed Computing Systems",
	organization	= "IEEE",
	pages		= "104--111",
	year		= 1988
}

@inproceedings{mueller:locus,
	author		= "E. Mueller and J. Moore and G. Popeck",
	title		= "{A} {N}ested {T}ransaction {M}echanism for {LOCUS}",
	booktitle	= "Proceedings of the 9th ACM Symposium on Operating
			   System Principles",
	pages		= "71--89",
	year		= 1983
}

@book{mullender,
	editor		= "S. Mullender",
	title		= "Distributed Systems",
	publisher	= "Addison Wesley",
	year		= 1989
}

@techreport{mullender:management,
	author		= "S. Mullender",
	title		= "Distributed Systems Management in Wide Areas
			   Networks",
	institution	= "Departement of Computer Science, Centre for
			   Mathematics and Computer Science",
	number		= "CS-R8419",
	year		= 1984
}

@incollection{mullender:protection,
	author		= "S. Mullender",
	title		= "Protection",
	booktitle	= "Distributed Systems",
	editor		= "S. Mullender",
	publisher	= "Addison Wesley",
	year		= 1989
}

@inproceedings{mutka:updown,
	author		= "M. Mukta and M. Livny",
	title		= "{S}cheduling {R}emote {P}rocessing {C}apacity
			   in a {W}orkstations-{P}rocessor {B}ank {C}omputing
			   {S}ystem",
	booktitle	= "Proceedings of the 7th International Conference
			   on Distributed Computing Systems",
	pages		= "2--9",
	year		= 1987
}

@article{needham:crypto,
	author		= "R. Needham and M. Schroeder",
	title		= "{U}sing {E}ncryption for {A}uthentification in
			   {L}arge {N}etworks of {C}omputers",
	journal		= "Communication of the ACM",
	pages		= "993--999",
	volume		= 21,
	year		= 1978
}

@incollection{needham:names,
	author		= "R. Needham",
	title		= "Names",
	booktitle	= "Distributed Systems",
	editor		= "S. Mullender",
	publisher	= "Addison Wesley",
	year		= 1989
}

@article{needham:protection,
	author		= "R. Needham",
	title		= "{P}rotection in {L}ocal {A}rea {N}etworks:
			   an {A}dvanced {C}ourse",
	journal		= "Lecture Notes in Computer Science",
	pages		= "261--281",
	volume		= 189,
	year		= 1985
}

@article{nelson:cache,
	author		= "M. Nelson and B. Welch and J. Ousterhout",
	title		= "{C}aching in the {S}prite {N}etwork {F}ile {S}ystem",
	journal		= "ACM Transactions on Computer Systems",
	pages		= "134--154",
	volume		= 6,
	number		= 1,
	year		= 1988
}

@article{nelson:ft,
	author		= "V. Nelson",
	title		= "Fault-Tolerant Computing: Fundamental Concepts",
	journal		= "Computers",
	month		= "July",
	year		= 1990
}

@phdthesis{nelson:rpc,
	author		= "B. Nelson",
	title		= "Remote Procedure Call",
	school		= "Carneggie-Mellon University",
	year		= 1981
}

@inproceedings{nichols:idlews,
	author		= "D. Nichols",
	title		= "{U}sing {I}dle {W}orkstations in a {S}hared
			   {C}omputing {E}nvironment",
	booktitle	= "Proceedings of the Eleventh Symposium on Operating
			   Systems Principles",
	organization	= "ACM",
	pages		= "5--12",
	year		= 1987
}

@article{nicol:copy:update,
	author		= "J. Nicol and G. Blair and W. Shepherd",
	title		= "An {A}pproach to the {M}ultiple {C}opy {U}pdate",
	editor		= "M. Baron et al",
	journal		= "Distributed Processing",
	pages		= "537--550",
	year		= 1988
}

@article{ousterhout:sprite,
	author		= "J. Ousterhout and A. Cherenson and F. Douglis and
			   M. Nelson and B. Welch",
	title		= "{T}he {S}prite {N}etwork {O}perating {S}ystem",
	journal		= "IEEE Computer",
	pages		= "23--26",
	volume		= 21,
	year		= 1988
}

@inproceedings{popek:locus,
	author		= "G. Popek",
	title		= "{LOCUS}: {A} {N}etwork {T}ransparent, {H}igh
			   {R}eliability {D}istributed {S}ystem",
	booktitle	= "Proceedings of the Eigth Symposium on Operating
			   Systems Principles",
	pages		= "169--177",
	year		= 1981
}

@book{popek:walker:locus,
	editor		= "G. Popek and B. Walker",
	title		= "The LOCUS Distributed System Architecture",
	publisher	= "MIT Press",
	year		= 1985
}

@inproceedings{rashid:accent,
	author		= "R. Rashid and G. Robertson",
	title		= "{A}ccent: {A} {C}ommunication {O}riented {N}etwork
			   {O}perating {S}ystem {K}ernel",
	booktitle	= "Proceedings of the Eight Symposium on Operating
			   Systems Principles",
	pages		= "164--175",
	year		= 1981
}

@book{raynal:algopar,
	author		= "M. Raynal",
	title		= "Algorithmique du Parall\'elisme: le Probl\`eme de
			   l'Exclusion Mutuelle",
	publisher	= "Dunod",
	year		= 1984
}

@book{raynal:systrep,
	author		= "M. Raynal",
	title		= "Syst\`emes R\'epartis, r\'eseaux, concepts, outils
			   et algorithmes",
	publisher	= "Eyrolles",
	year		= 1988
}

@article{ricart:exclusion,
	author		= "G. Ricart and A. Agrawala",
	title		= "{A}n {O}ptimal {A}lgorithm for {M}utual {E}xclusion
			   in {C}omputer {N}etworks",
	journal		= cacm,
	pages		= "9--17",
	volume		= 24,
	number		= 1,
	year		= 1981
}

@article{rosenblum:lfs,
	author		= "M. Rosenblum and J. Ousterhout",
	title		= "{T}he {D}esign and {I}mplementation of a
			   {L}og-{S}tructured {F}ile {S}ystem",
	journal		= "ACM Transactions on Computer Systems",
	volume		= 10,
	number		= 1,
	pages		= "26--52",
	month		= "February",
	year		= 1992
}

@inproceedings{rosenstein:sms,
	author		= "M. Rosenstein and D. Geer Jr and P. Levine",
	title		= "{T}he {A}thena {S}ervice {M}anagement {S}ystem",
	booktitle	= "Proceedings of the USENIX Winter Conference",
	pages		= "203--212",
	month		= "February",
	year		= 1988
}

@article{spector:comm,
	author		= "A. Spector",
	title		= "{C}ommunication {S}upport in {O}perating {S}ystems
			   for {D}istributed {T}ransations",
	journal		= "Lecture Notes in Computer Science",
	pages		= "313--324",
	volume		= 248,
	year		= 1986
}

@inproceedings{spector:transactions,
	author		= "A. Spector and D. Daniels and D. Duchamp and
			   J. Eppinger and R. Pausch",
	booktitle	= "Proceedings of the 10th Sysmposium on Operating
			   System Principles",
	organization	= "ACM",
	pages		= "127--146",
	title		= "{D}istributed {T}ransactions for {R}eliable
			   {S}ystems",
	year		= 1985
}

@inproceedings{steiner:kerberos,
	author		= "J. Steiner and B. Neuman and J. Schiller",
	title		= "{K}erberos: {A}n authentification {S}ervice for
			   {O}pen {N}etwork {S}ystems",
	booktitle	= "Proceedings of the USENIX Winter Conference",
	pages		= "191--202",
	month		= "February",
	year		= 1988
}

@article{tanenbaum:dos,
	author		= "A. Tanenbaum and R. van Renesse",
	title		= "{D}istributed {O}perating {S}ystems",
	journal		= "ACM Computing Surveys",
	pages		= "419--470",
	volume		= 17,
	number		= 4,
	month		= "December",
	year		= 1985
}

@inproceedings{treese:athena,
	author		= "G. Treese",
	title		= "{B}erkeley {U}nix on 1000 {W}orkstations: {A}thena
			   {C}hanges to {4.3BSD}",
	booktitle	= "Proceedings of the USENIX Winter Conference",
	pages		= "175--182",
	year		= 1988
}

@inproceedings{walker:locus,
	author		= "B. Walker and G. Popek and R. English and C. Kline
			   and G. Theil",
	title		= "The Locus distributed operating system",
	booktitle	= "Proceedings of the Ninth ACM Symposium on Operating
			   System Principles",
	pages		= "49--70",
	year		= 1983
}

@phdthesis{welch:sprite,
	author		= "B. Welch",
	title		= "Naming, State Management and User-Level Extensions
			   in the Sprite Distributed File System",
	school		= "University of California, Berkeley",
	month		= "February",
	year		= 1990
}

@inproceedings{welch:pseudo:devices,
	author		= "B. Welch and J. Ousterhout",
	title		= "{P}seudo devices : {U}ser-level extensions to
			   the {S}prite file system",
	booktitle	= "Proceedings of the USENIX Summer Conference",
	pages		= "37--49",
	month		= "June",
	year		= 1988
}

@inproceedings{zayas:migration,
	author		= "E. Zayas",
	title		= "{A}ttacking the {P}rocess {M}igration {B}ottleneck",
	booktitle	= "Proceedings of the 11th Symposium on Operating
			   Systems Principles",
	pages		= "13--24",
	month		= "November",
	year		= 1987
}
