@unpublished{masix:specification,
	author		= "R. Card",
	title		= "Sp\'ecification du Syst\`eme Masix",
	institution	= masi,
	note		= "Document de travail interne",
	year		= 1992
}

@techreport{masix:structure,
	author		= "R. Card and S. Dayras",
	title		= "The Masix Operating System: Description of a Work
			   in Progress",
	number		= "MASI.???",
	institution	= ibp,
	year		= 1993
}

@phdthesis{card:these,
	author		= "R. Card",
	title		= "MASIX - Un Syst\`eme d'Exploitation
			   Multi-Environnements utilisant le micro-noyau
			   MACH - Conception et R\'ealisation",
	school		= "Laboratoire MASI, Universit\'e Pierre et Marie
			   Curie",
	month		= "May",
	year		= 1993
}

@inproceedings{masix:osf,
	author		= "R. Card and E. Commelin and S. Dayras
			   and F. M\'evel",
	title		= "{T}he {MASIX} {M}ulti-{S}erver {O}perating {S}ystem",
	booktitle	= "OSF Workshop on Microkernel Technology for
			   Distributed Systems",
	month		= "June",
	year		= 1993
}
