@techreport{osf1mk,
	author		= "F. Barbou Des Places and P. Bernadat and
			   M. Condict and S. Empereur and J. Febvre and
			   D. George and J. Loveluck and E. McManus and
			   S. Patience and J. Rogado and P. Roudaud",
	title		= "Architecture and Benefits of a Multithreaded
			   OSF/1 Server",
	institution	= "Open Software Foundation Research Institute",
	year		= 1992
}

@book{osf1,
	key		= "OSF",
	title		= "The Design of the OSF/1 Operating System",
	publisher	= osf,
	year		= 1990
}
