@manual{des,
	key		= "DES",
	title		= "Data Encryption Standard",
	organization	= "Federal Information Processing Standards",
	publisher	= "Government Printing Office",
	year		= 1977
}

@article{hoare:moniteurs,
	author		= "C. A. R. Hoare",
	title		= "{M}onitors: {A}n {O}perating {S}ystem {S}tructuring
			   {C}oncept",
	journal		= cacm,
	volume		= 21,
	number		= 10,
	pages		= "549--557",
	month		= "October",
	year		= 1974
}

@article{linux,
	author		= "T. Klaus",
	title		= "{W}hat is {L}inux and how do {I} try it out ?",
	journal		= "UNIXWorld",
	month		= "March",
	year		= 1993
}

@book{minix,
	author		= "A. Tanenbaum",
	title		= "Operating Systems: Design and Implementation",
	publisher	= "Prentice Hall",
	year		= 1987
}

@book{modernos,
	author		= "A. Tanenbaum",
	title		= "Modern Operating Systems",
	publisher	= "Prentice Hall",
	year		= 1992
}

@article{multics:vm1,
	author		= "A. Bensoussan and C. Clingen and R. Daley",
	title		= "{T}he {M}ultics {V}irtual {M}emory: {C}oncepts
			   and {D}esign",
	journal		= cacm,
	volume		= 15,
	number		= 5,
	pages		= "308--318",
	month		= "May",
	year		= 1972
}

@article{multics:vm2,
	author		= "R. Daley and J. Dennis",
	title		= "{V}irtual {M}emory, {P}rocesses and {S}haring in
			   {M}ultics",
	journal		= cacm,
	volume		= 11,
	number		= 5,
	pages		= "306--312",
	month		= "May",
	year		= 1968
}

@book{organick,
	author		= "E. Organick",
	title		= "The Multics System, an Examination of Its
			   Structure",
	publisher	= "M.I.T. Press",
	year		= 1972
}

@book{peterson,
	author		= "A. Silberschatz and J. Peterson and P. Galvin",
	title		= "Operating System Concepts",
	edition		= "3rd",
	publisher	= "Addison Wesley",
	year		= 1991
}

@article{the,
	author		= "E. Dijkstra",
	title		= "{T}he {S}tructure of the {THE} {M}ultiprogramming
			   {S}ystem",
	journal		= cacm,
	volume		= 11,
	number		= 5,
	pages		= "341--346",
	month		= "May",
	year		= 1968
}

@article{venus,
	author		= "B. Liskov",
	title		= "{T}he {D}esign of the {V}enus {O}perating
			   {S}ystem",
	journal		= cacm,
	volume		= 15,
	number		= 3,
	pages		= "144--149",
	month		= "March",
	year		= 1972
}

@article{vm,
	author		= "L. Seawright and R. MacKinnon",
	title		= "{VM}/370 -- {A} {S}tudy of {M}ultiplicity and
			   {U}sefulness",
	journal		= "IBM Systems Journal",
	volume		= 18,
	number		= 1,
	pages		= "4--17",
	year		= 1979
}

@book{windowsnt,
	author		= "H. Custer",
	title		= "Inside Windows NT",
	publisher	= "Microsoft Press",
	year		= 1993
}
