@book{comer:tcpip1,
	author		= "D. Comer",
	title		= "Internetworking with TCP/IP, Volume 1:
			   Principles, Protocols, and Architecture",
	publisher	= "Prentice Hall",
	edition		= "Second",
	year		= 1991
}

@book{comer:tcpip2,
	author		= "D. Comer and D. Stevens",
	title		= "Internetworking with TCP/IP, Volume 2:
			   Design, Implementation, and Internals",
	publisher 	= "Prentice Hall",
	year		= 1991
}

@book{stevens,
	author		= "R. Stevens",
	title		= "UNIX Network Programming",
	publisher	= "Prentice Hall",
	year		= 1990
}

@book{tanenbaum:networks,
	author		= "A. Tanenbaum",
	title		= "Computer Networks",
	publisher	= "Prentice Hall",
	year		= "1981",
}
