@book{bach,
	author		= "M. Bach",
	title		= "The Design of the UNIX Operating System",
	publisher	= "Prentice Hall",
	year		= 1986
}

@inproceedings{dns,
	author		= "P. Mockapetris and K. Dunlap",
	title		= "{D}evelopment of the {D}omain {S}ystem",
	booktitle	= "Proceedings of the SIGCOMM'88 Symposium on
			   Communications Architectures and Protocols",
	pages		= "123--133",
	year		= 1988
}

@article{jolitz:386bsd,
	author		= "W. Jolitz and L. Jolitz",
	title		= "{P}orting {UNIX} to the 386: {T}he {F}inal {S}tep",
	journal		= "Dr Dobb's Jounal",
	volume		= 190,
	pages		= "50--56",
	month		= "July",
	year		= 1992
}
	
@book{leffler:bsd,
	author		= "S. Leffler and M. McKusick and M. Karels and
			   J. Quaterman",
	title		= "The Design and Implementation of the 4.3BSD UNIX
			   Operating System",
	publisher	= "Addison Wesley",
	year		= 1989
}
	
@inproceedings{lfs:unix,
	author		= "M. Seltzer and K. Bostic and M. McKusick and
			   C. Staelin",
	title		= "An {I}mplementation of a {L}og-{S}tructured {F}ile
			   {S}ystem for {UNIX}",
	booktitle	= "Proceedings of the USENIX Winter Conference",
	month		= "January",
	year		= 1993
}

@article{mckusick:ffs,
	author		= "M. McKusick and W. Joy and S. Leffler and R. Fabry",
	title		= "{A} {F}ast {F}ile {S}ystem for {UNIX}",
	journal		= "ACM Transactions on Computer Systems",
	volume		= 2,
	number		= 3,
	pages		= "181--197",
	month		= "August",
	year		= 1984
}

@inproceedings{bsd:fsck,
	author		= "E. Bina and P. Emrath",
	title		= "A {F}aster fsck for {BSD} {U}nix",
	booktitle	= "Proceedings of the USENIX Winter Conference",
	month		= "January",
	year		= 1989
}

@article{quaterman:bsd,
	author		= "J. Quaterman and A. Silbetshatz and J. Peterson",
	title		= "4.2{BSD} and 4.3{BSD} as {E}xamples of the {UNIX}
			   {S}ystem",
	journal		= "ACM Computing Surveys",
	volume		= 17,
	number		= 4,
	pages		= "379--418",
	month		= "December",
	year		= 1985
}

@inproceedings{reid:nefs,
	author		= "J. Reid",
	title		= "{N}(e){FS}: the {P}rotocol is the {P}roblem",
	booktitle	= "Summer 1990 United Kingdom Unix system User Group",
	pages		= "77--84",
	month		= "July",
	year		= 1990
}

@book{rifflet:comm,
	author		= "J.M. Rifflet",
	title		= "La Communication sous Unix",
	publisher	= "Mc Graw-Hill",
	year		= 1990
}

@book{rifflet:prog,
	author		= "J.M. Rifflet",
	title		= "La Programmation sous Unix",
	publisher	= "Mc Graw-Hill",
	year		= 1986
}

@inproceedings{roy:cache,
	author		= "P. Roy",
	title		= "{U}nix {F}ile {A}ccess and {C}aching in a
			   {M}ulticomputer {E}nvironment",
	booktitle	= "Proceedings of the USENIX Winter Conference",
	year		= 1993
}
	
@inproceedings{sandberg:nfs,
	author		= "R. Sandberg and D. Goldberg and S. Kleiman and
			   D. Walsh and B. Lyon",
	title		= "{D}esign and {I}mplementation of the {S}un {N}etwork
			   {F}ilesystem",
	booktitle	= "Proceedings of the USENIX Summer Conference",
	year		= 1985
}

@manual{sun:admin,
	key		= "Sun",
	title		= "SunOS Reference Manual, Network and System
			   Administration",
	organization	= "Sun Microsystems",
	year		= 1990
}

@book{svid,
	key		= "AT\&T",
	title		= "System V Interface Definition, Issue 3",
	publisher	= "American Telephone \& Telegraph",
	year		= 1989
}

@incollection{unix:386,
	author		= "D. Robboy",
	title		= "A {UNIX} {P}ort to the 80386",
	booktitle	= "UNIX Papers for UNIX Developpers and Power Users",
	editor		= "Mitchell Waite",
	publisher	= "Howard W. SAMS \& Company",
	pages		= "400-425",
	year		= 1987
}

@inproceedings{vnodes,
	author		= "S. Kleiman",
	title		= "{V}nodes: {A}n {A}rchitecture for {M}ultiple
			   {F}ile {S}ystem {T}ypes in {S}un {UNIX}",
	booktitle	= "Proceedings of the Summer USENIX Conference",
	pages		= "260--269",
	month		= "June",
	year		= 1986
}
