@techreport{cheriton:uio,
	author		= "D. Cheriton",
	title		= "A Uniform I/O Interface and Protocol for
			   Distributed Systems",
	institution	= "Stanford University",
	number		= "Z/2 SYS1201",
	month		= "December",
	year		= 1984
}

@article{cheriton:v,
	author		= "D. Cheriton",
	title		= "{T}he {V} {D}istributed {S}ystem",
	journal		= cacm,
	pages		= "19--42",
	volume		= 31,
	year		= 1988
}

@article{cheriton:vkern,
	author		= "D. Cheriton",
	title		= "{T}he {V} {K}ernel: {A} {S}oftware {B}ase for
			   {D}istributed {S}ystems",
	journal		= "IEEE Software",
	pages		= "19--42",
	year		= 1984
}

@inproceedings{theimer:remote:execution,
	author		= "M. Theimer and K. Lantz and D. Cheriton",
	title		= "{P}re-emptable {R}emote {E}xecution {F}acilities
			   for the {V}--{S}ystem",
	booktitle	= "Proceedings of the Tenth ACM Symposium on
			   Operating Systems Principles",
	pages		= "2--12",
	year		= 1985
}

@phdthesis{theimer:these,
	author		= "M. Theimer",
	title		= "Preemptable Remote Execution Facilities for
			   Loosely-Coupled Distributed Systems",
	school		= "Stanford University",
	year		= 1986
}
